%libgdx
@website{libgdx,
  author   = {libGDX},
  title    = {libGDX},
  url      = {https://libgdx.com/},
  keywords = {game,library},
    date     = {2022-10-10}
},
@online{tiled,
  author   = {Thorbj√∏rn Lindeijer},
  title    = {Tiled},
  url      = {https://www.mapeditor.org/},
  keywords = {map,editor},
  date     = {2022-10-10}
},
@website{JUnit,
  author   = {The JUnit Team},
  title    = {JUnit 5},
  url      = {https://junit.org/junit5/},
  keywords = {testing},
  date     = {2022-10-13}
},